@article{nakamoto2008peer,
  title={A peer-to-peer electronic cash system},
  author={Nakamoto, Satoshi and Bitcoin, A},
  journal={Bitcoin.--URL: https://bitcoin. org/bitcoin. pdf},
  volume={4},
  year={2008}
}

@article{baird2016,
  title={The swirlds hashgraph consensus algorithm: Fair, fast, byzantine fault tolerance},
  author={Baird, Leemon},
  journal={Swirlds Tech Reports SWIRLDS-TR-2016-01, Tech. Rep},
  year={2016}
}

@article{baird2018hedera,
  title={Hedera: A governing council \& public hashgraph network},
  author={Baird, Leemon and Harmon, Mance and Madsen, Paul},
  journal={The trust layer of the internet, whitepaper},
  volume={1},
  url={https://hedera.com/hh_whitepaper_v2.1-20200815.pdf},
  pages={1--97},
  year={2018}
}

@online{economics2020hedera,
  title={Hbar Economics},
  author={Hedera},
  url={https://hedera.com/hh-hbar-coin-economics-paper-060320-v6.pdf},
  year={2020}
}


% Path to decentralization
@online{gentile2021hedera,
  title={New Hedera network nodes \& decentralization update: Zain Group, Standard Bank, and eftpos},
  journal={Hedera Hashgraph},
  author={Gentile, Brady},
  url={https://hedera.com/blog/new-hedera-network-nodes-decentralization-update-zain-group-standard-bank-and-eftposu}
}

@article{shostak1982byzantine,
  title={The byzantine generals problem},
  author={Shostak, Robert and Pease, Marshall and Lamport, L},
  journal={ACM Transactions on Programming Languages and Systems},
  volume={4},
  number={3},
  pages={382--401},
  year={1982}
}


% https://www.cs.cornell.edu/lorenzo/papers/p14-alvisi.pdf
@article{alvisi,
    author="Alvisi et al.",
    journal = "CS Cornell",
    title="How robust are gossip-based communication protocols?",
    DOI="https://www.cs.cornell.edu/lorenzo/papers/p14-alvisi.pdf"
}

@article{birman,
    author = {Vogels, Werner and Van Renesse, Robbert and Birman, Ken},
    year = {2003},
    month = {01},
    pages = {131-135},
    title = {The Power of Epidemics: Robust Communication for Large-Scale},
    volume = {33},
    journal = {Computer Communication Review}
}

% http://citeseerx.ist.psu.edu/viewdoc/download?doi=10.1.1.463.9356&rep=rep1&type=pdf
@inproceedings{berman1989towards,
  title={Towards optimal distributed consensus},
  author={Berman, Piotr and Garay, Juan A and Perry, Kenneth J and others},
  booktitle={FOCS},
  volume={89},
  pages={410--415},
  year={1989},
  organization={Citeseer}
}


% https://cdn.relayto.com/media/files/LPgoWO18TCeMIggJVakt_tendermint.pdf
% This looks like a troll paper
% @article{kwon2014tendermint,
%   title={Tendermint: Consensus without mining},
%   author={Kwon, Jae},
%   journal={Draft v. 0.6, fall},
%   volume={1},
%   number={11},
%   year={2014}
% }


% 
% This looks interesting!
@article{maesa2020blockchain,
  title={Blockchain 3.0 applications survey},
  author={Maesa, Damiano Di Francesco and Mori, Paolo},
  journal={Journal of Parallel and Distributed Computing},
  volume={138},
  pages={99--114},
  year={2020},
  DOI={https://www.sciencedirect.com/science/article/pii/S0743731519308664?casa_token=2haaftsC5fwAAAAA:7n41Q9ZFYMRC5IS5Xc14k7hRDx8CTnpBn8wCiztujRjzRvSo2AVWdwL63C60SMpJa-681AI},
  publisher={Elsevier}
}

% https://ieeexplore.ieee.org/abstract/document/9066312/?casa_token=zhpPySnj95QAAAAA:V3Ge6FHA6upK1TYeXLwv6s8gvASA1ub9XkII2yaguIVZzFRytPEpFR4K9q6yHER7XYghHTsQ
@inproceedings{vzivic2020directed,
  title={Directed Acyclic Graph as Hashgraph: an Alternative DLT to Blockchains and Tangles},
  author={{\v{Z}}ivi{\'c}, Nata{\v{s}}a and Kadu{\v{s}}i{\'c}, Esad and Kadu{\v{s}}i{\'c}, Kerim},
  booktitle={2020 19th International Symposium INFOTEH-JAHORINA (INFOTEH)},
  pages={1--4},
  year={2020},
  organization={IEEE}
}


@online{khariff2018,
  title={Next-Generation Crypto-Ledgers Take the Block Out of Blockchain},
  year=2018,
  author={Kharif, Olga},
  url={https://www.bloomberg.com/news/articles/2018-02-14/next-generation-crypto-ledgers-take-the-block-out-of-blockchain},
}

@online{kauflin2018,
  title={Hedera Hashgraph Thinks It Can One-Up Bitcoin And Ethereum With Faster Transactions},
  author={Kauflin, Josh},
  year=2018,
  url={https://www.forbes.com/sites/jeffkauflin/2018/03/13/hedera-hashgraph-thinks-it-can-one-up-bitcoin-and-ethereum-with-faster-transactions/?sh=22d5f2abcb2a}
}

@online{eftpos2021,
  title={Australiaâ€™s eftpos joins Hedera Governing Council and will run Aussie Hedera network node},
  year=2021,
  url={https://www.eftposaustralia.com.au/news/eftpos-joins-Hedera-Governing-Council-and-will-run-Aussie-Hedera-network-node}
}

@online{ryan2021,
  title={UK hospitals are using blockchain to track the temperature of coronavirus vaccines},
  author={Browne, Ryan},
  year=2021,
  url={https://www.cnbc.com/2021/01/19/uk-hospitals-use-blockchain-to-track-coronavirus-vaccine-temperature.html}
}

@online{coq2018,
  title={Coq Proof Completed By Carnegie Mellon Professor Confirms Hashgraph Consensus Algorithm Is Asynchronous Byzantine Fault Tolerant},
  author={Hedera Hashgraph},
  year={2018},
  url={https://hedera.com/blog/coq-proof-completed-by-carnegie-mellon-professor-confirms-hashgraph-consensus-algorithm-is-asynchronous-byzantine-fault-tolerant},
}

@article{wood2014ethereum,
  title={Ethereum: A secure decentralised generalised transaction ledger},
  author={Wood, Gavin and others},
  journal={Ethereum project yellow paper},
  volume={151},
  number={2014},
  pages={1--32},
  year={2014}
}

@online{madsen2019hedera,
  title={Hedera Technical Insights: Proxy Staking on Hedera},
  url={https://hedera.com/blog/proxy-staking-on-hedera},
  year={2019},
  author={Madsen, Paul},
}


@article{jiro2021power,
  author={Olcott, Jiro},
  title={Can a Blockchain be green?},
  journal={PVOLTS},
  year={2021},
  url={https://ptvolts.com/sites/default/files/documents/sustainable-blockchain-power-transition.pdf},
}

@online{kunz2021hedera,
  author={Kunz, Gehrig},
  title={One Billion Hedera Mainnet Transactions},
  journal={Hedera},
  year={2021},
  url={https://hedera.com/blog/one-billion-mainnet-transactions},
}

@online{visafactsheet,
  title={Visa Fact Sheet},
  journal={Visa},
  year={2021},
  url={https://usa.visa.com/dam/VCOM/download/corporate/media/visanet-technology/aboutvisafactsheet.pdf}
}

@online{bitcointps,
  title={Bitcoin TPS},
  journal={Blockchair},
  year={2021},
  url={https://blockchair.com/bitcoin/charts/transactions-per-second}
}

@online{ethereumtps,
  title={Ethereum TPS},
  journal={Blockchair},
  year={2021},
  url={https://blockchair.com/ethereum/charts/transactions-per-second}
}

@online{btctxn,
  title={Bitcoin Total Transaction Count},
  journal={Blockchair},
  year={2021},
  url={https://blockchair.com/bitcoin/charts/total-transaction-count},
}

@online{ethtxn,
  title={Ethereum Total Transaction Count},
  journal={Blockchair},
  year={2021},
  url={https://blockchair.com/ethereum/charts/total-transaction-count},
}

@online{hip,
  title={Hedera Improvement Proposal},
  journal={Github},
  url={https://github.com/hashgraph/hedera-improvement-proposal}
}

@online{hederadashboard,
  title={Hedera Dashboard},
  journal={Hedera},
  url={https://hedera.com/dashboard}
}

@online{hederaservices,
  title={Hedera Services},
  url={https://hedera.com/services}
}

@online{hederaintegrations,
  title={Hedera Integrations},
  url={https://hedera.com/integrations}
}

@online{hederacdbc,
  title={What is a central bank digital currency (CDBC)},
  url={https://hedera.com/learning/what-is-a-central-bank-digital-currency-cbdc}
}

@online{hederacouncil,
  title={Hedera Council},
  url={https://hedera.com/council}
}

@article{anceaume2020finality,
  title={On Finality in Blockchains},
  author={Anceaume, Emmanuelle and Pozzo, Antonella and Rieutord, Thibault and Tucci-Piergiovanni, Sara},
  journal={arXiv preprint arXiv:2012.10172},
  year={2020}
}

@online{coinmarketconfirm,
  title={How Long Does a Bitcoin Transaction Take?},
  year={2020},
  url={https://coinmarketcap.com/alexandria/article/how-long-does-a-bitcoin-transaction-take}
}